<record xmlns="http://www.loc.gov/MARC21/slim" xmlns:xsi="http://www.w3.org/2001/XMLSchema-instance" xsi:schemaLocation="http://www.loc.gov/MARC21/slim http://www.loc.gov/standards/marcxml/schema/MARC21slim.xsd"><leader>01123nam a2200253   4500</leader><controlfield tag="001">001680957</controlfield><controlfield tag="003">NNU</controlfield><controlfield tag="006">m        d        </controlfield><controlfield tag="007">cr cn |||m|||a</controlfield><controlfield tag="008">140707q19001995sy      o     000 0 ara d</controlfield><datafield ind1=" " ind2=" " tag="040"><subfield code="a">NNU</subfield><subfield code="b">eng</subfield><subfield code="c">NNU</subfield></datafield><datafield ind1="1" ind2=" " tag="100"><subfield code="a">Ars&#363;z&#299;, Zak&#299;,</subfield><subfield code="d">1900-1968.</subfield></datafield><datafield ind1="1" ind2="3" tag="245"><subfield code="a">al-&#699;Abqar&#299;yah al-&#699;Arab&#299;yah f&#299; lis&#257;nih&#257;</subfield><subfield code="h">[electronic resource]</subfield><subfield code="c">bi-qalam Zak&#299; al-Ars&#363;z&#299;.</subfield></datafield><datafield ind1=" " ind2=" " tag="260"><subfield code="a">Dimashq :</subfield><subfield code="b">D&#257;r al-Yaqa&#7827;ah al-&#699;Arab&#299;yah lil-Ta&#700;l&#299;f wa-al-Tarjamah wa-al-Nashr,</subfield><subfield code="c">[19--?]</subfield></datafield><datafield ind1=" " ind2=" " tag="300"><subfield code="a">online resource (223 p.)</subfield></datafield><datafield ind1="0" ind2=" " tag="490"><subfield code="a">Ris&#257;lat al-Ba&#699;th ;</subfield><subfield code="v">1</subfield></datafield><datafield ind1=" " ind2=" " tag="500"><subfield code="a">Part of the Arabic Collections Online (ACO) project, contributed by New York Univeristy Libraries.</subfield></datafield><datafield ind1=" " ind2=" " tag="533"><subfield code="a">Electronic reproduction.</subfield><subfield code="b">New York, N.Y. :</subfield><subfield code="c">New York University,</subfield><subfield code="d">2014.</subfield><subfield code="5">NNU</subfield></datafield><datafield ind1=" " ind2="0" tag="650"><subfield code="a">Arabic language.</subfield></datafield><datafield ind1="2" ind2=" " tag="710"><subfield code="a">New York University.</subfield><subfield code="b">Libraries.</subfield></datafield><datafield ind1="0" ind2=" " tag="730"><subfield code="a">Arabic Collections Online.</subfield></datafield><datafield ind1="0" ind2="8" tag="776"><subfield code="i">Print version:</subfield><subfield code="a">Ars&#363;z&#299;, Zak&#299;, 1900-1968.</subfield><subfield code="t">al-&#699;Abqar&#299;yah al-&#699;Arab&#299;yah f&#299; lis&#257;nih&#257;</subfield><subfield code="w">(NNU)001680957</subfield></datafield><datafield ind1="4" ind2="0" tag="856"><subfield code="u">http://hdl.handle.net/2333.1/bzkh1b32</subfield></datafield><datafield ind1=" " ind2=" " tag="959"><subfield code="a">NNU</subfield><subfield code="b">WEB</subfield><subfield code="c">GENI</subfield><subfield code="t">0</subfield><subfield code="m">Electronic access</subfield><subfield code="s">01</subfield></datafield></record>